<record><leader>01136cam a2200325 a 4500</leader><controlfield tag="001">1322575</controlfield><controlfield tag="005">19900423153102.0</controlfield><controlfield tag="008">900925s1985    caucf    b      1 0 eng d</controlfield><datafield ind1=" " ind2=" " tag="010"><subfield code="a">   85027842 //r90</subfield></datafield><datafield ind1=" " ind2=" " tag="035"><subfield code="a">ocm12947542</subfield></datafield><datafield ind1=" " ind2=" " tag="040"><subfield code="a">DLC</subfield><subfield code="b">eng</subfield><subfield code="c">DLC</subfield><subfield code="d">DLC</subfield></datafield><datafield ind1=" " ind2=" " tag="043"><subfield code="a">e-ur---</subfield><subfield code="a">e-ur-ru</subfield></datafield><datafield ind1=" " ind2=" " tag="049"><subfield code="a">AEU</subfield><subfield code="b">eng</subfield></datafield><datafield ind1="0" ind2="0" tag="050"><subfield code="a">HX313</subfield><subfield code="b">.P5417 1985</subfield></datafield><datafield ind1="0" ind2="0" tag="082"><subfield code="a">320.5/315/0947</subfield><subfield code="2">19</subfield></datafield><datafield ind1="0" ind2=" " tag="090"><subfield code="a">HX 312 P66 1985</subfield></datafield><datafield ind1="1" ind2=" " tag="100"><subfield code="a">Pipes, Richard.</subfield></datafield><datafield ind1="1" ind2="0" tag="245"><subfield code="a">Social democracy and the St. Petersburg labor movement, 1885-97 /</subfield><subfield code="c">Richard Pipes.</subfield></datafield><datafield ind1=" " ind2=" " tag="250"><subfield code="a">2nd ed.</subfield></datafield><datafield ind1=" " ind2=" " tag="260"><subfield code="a">Irvine, Calif. :</subfield><subfield code="b">C. Schlacks,</subfield><subfield code="c">c1985.</subfield></datafield><datafield ind1=" " ind2=" " tag="300"><subfield code="a">xvi, 107 p., [6] p. of plates :</subfield><subfield code="b">ports. ;</subfield><subfield code="c">25 cm.</subfield></datafield><datafield ind1=" " ind2=" " tag="336"><subfield code="a">text</subfield><subfield code="b">txt</subfield><subfield code="2">rdacontent</subfield></datafield><datafield ind1=" " ind2=" " tag="337"><subfield code="a">unmediated</subfield><subfield code="b">n</subfield><subfield code="2">rdamedia</subfield></datafield><datafield ind1=" " ind2=" " tag="338"><subfield code="a">volume</subfield><subfield code="b">nc</subfield><subfield code="2">rdacarrier</subfield></datafield><datafield ind1=" " ind2=" " tag="500"><subfield code="a">Includes index.</subfield></datafield><datafield ind1=" " ind2=" " tag="504"><subfield code="a">Bibliography: p. [99]-104.</subfield></datafield><datafield ind1=" " ind2=" " tag="596"><subfield code="a">38</subfield></datafield><datafield ind1=" " ind2="0" tag="650"><subfield code="a">Socialism</subfield><subfield code="z">Soviet Union</subfield><subfield code="x">History.</subfield></datafield><datafield ind1=" " ind2="0" tag="650"><subfield code="a">Labor movement</subfield><subfield code="z">Russia (Federation)</subfield><subfield code="z">Saint Petersburg</subfield><subfield code="x">History.</subfield></datafield><datafield ind1=" " ind2=" " tag="926"><subfield code="a">HX 312 P66 1985</subfield><subfield code="w">LC</subfield><subfield code="c">1</subfield><subfield code="i">000034224519</subfield><subfield code="d">4/29/2003</subfield><subfield code="l">ON_SHELF</subfield><subfield code="m">UABARD</subfield><subfield code="n">2</subfield><subfield code="p">$150.00</subfield><subfield code="r">Y</subfield><subfield code="s">Y</subfield><subfield code="t">BOOK</subfield><subfield code="u">10/1/1990</subfield><subfield code="o">.STAFF. A0072748</subfield></datafield></record>